2158 2865
710 149 892 184 Potiu
921 137 1171 184 uruca:
1205 162 1212 165 »
1611 152 1654 200 15

211 232 398 297 quidem
414 230 551 286 cauffii
567 262 582 286 ,
609 277 620 285 ,,
631 232 792 291 capitis
811 230 1031 293 supplicio
1047 230 1210 286 affecit.
1239 229 1329 278 uid.
1346 244 1449 282 nro
1461 247 1493 280 n
1503 248 1572 282 οι
1583 248 1648 284 vs

210 310 295 345 stc
307 307 439 360 vpvs
468 291 554 338 Lib.
572 292 707 349 XIIII.
729 293 969 355 p.¹416.⁵D.
1002 292 1251 355 4Qoniam
1279 305 1390 354 ergo
1418 292 1476 341 inr
1487 295 1648 365 populi

207 357 301 402 erat
320 352 539 414 potestate
552 354 759 415 politum,
841 354 1472 415 stmortemuiriintegerrimi
1490 356 1648 412 ineius

206 413 473 472 aduersarios
492 412 659 463 summa
676 428 778 463 acer
807 414 915 471 itate
933 412 1308 473 animaduertere.
1333 415 1502 464 minori
1521 429 1648 472 certe

207 490 346 539 opera
360 475 486 526 illum
503 476 643 538 ipsum
659 492 683 523 a
697 489 918 529 uenenata
966 475 1128 528 ‚otione
1140 475 1325 524 liberare
1340 490 1387 525 et
1403 478 1645 526 incolumi·

204 538 287 587 tati
309 535 535 600 uindicare
577 536 946 601 otuifl'et‚nifiip,i
1061 535 1211 586 nasum
1229 537 1503 595 fuiss'encum
1511 540 1647 587 maie-

205 600 325 652 statis
341 614 463 646 reum
476 614 524 647 et
553 600 657 660 aluti
674 600 878 663 publicae
893 600 909 646 i
1059 614 1120 656 m,
1130 600 1336 662 adeoque
1347 599 1536 661 dignum
1546 600 1646 658 effe,

204 661 284 724 qui
310 675 459 724 poena
487 661 665 722 publica
688 660 945 710 afficeretur.
1006 660 1225 718 Accedit,
1260 660 1387 724 quod
1414 661 1561 710 cicuta
1588 663 1646 712 ab

205 722 357 785 primo
367 735 459 769 tem
495 738 574 769 ore
585 722 778 770 Athenis
788 723 965 785 publica
972 738 1120 785 poena
1135 722 1299 770 sancita
1304 723 1358 771 iis
1366 723 1519 786 postea
1528 738 1647 785 quo-

205 799 295 846 que
314 782 441 830 iniun
487 799 510 830 a
527 781 635 840 fuit,
675 784 755 845 qui
773 784 1044 845 reipublicae
1063 783 1308 846 -perniciofi
1327 796 1375 831 et
1398 781 1544 832 salutis
1560 799 1644 847 pa-

205 846 315 893 triae
331 843 554 891 eucrsores
571 843 648 891 seu
666 844 900 892 maiestatis
917 844 1000 952 tle}
1003 844 1349 905 reperiebantur.

321 965 491 1015 Illustre
511 965 643 1014 nobis
664 964 805 1014 hacin
824 909 874 1013 [βε
889 963 1118 1029 specimen
1137 966 1322 1029 praebet
1333 966 1643 1030 Phocion,qui

205 1027 263 1076 ad
272 1028 465 1075 cicutam
516 1028 708 1075 ublicam
728 1027 1018 1075 hauriendam
1037 1028 1204 1075 nullam
1223 1028 1350 1075 aliam
1370 1029 1432 1076 ob
1454 1028 1645 1086 caussam

201 1104 308 1138 com
344 1087 458 1138 ulfus
524 1090 560 1138 it
577 1088 630 1138 in
646 1103 836 1147 carcere,
857 1087 936 1148 nifi
952 1089 1079 1153 quod
1098 1088 1374 1152 proditionis
1392 1086 1646 1150 suspicione

200 1165 308 1199 tene
340 1154 451 1206 atur,
470 1164 517 1198 et
543 1149 747 1198 aduersus
769 1150 928 1213 populi
947 1150 1193 1197 commoda
1207 1149 1369 1197 stetiffe
1386 1150 1644 1198 inuenieba-

199 1225 289 1259 tur.
349 1210 463 1257 Satis
486 1212 674 1273 quidem
689 1211 903 1257 tralaticio
929 1210 1074 1257 modo
1085 1209 1256 1257 exitum
1273 1209 1400 1257 ducis
1417 1225 1515 1256 non
1526 1211 1644 1272 sper-

199 1271 342 1319 nendi
361 1270 587 1331 descripsit
616 1286 683 1317 co
695 1286 838 1317 num,
849 1284 947 1324 rvs,
967 1283 1108 1331 quum
1130 1268 1180 1314 in
1199 1267 1295 1315 eius
1310 1268 1402 1316 uita
1419 1283 1510 1317 nec
1518 1285 1643 1318 mor-

199 1326 259 1380 ti's
277 1333 444 1392 genus»,
465 1344 562 1399 quo
586 1329 702 1375 obiit
718 1361 731 1383 ‚
754 1343 842 1376 nec
859 1329 1039 1384 locum,
1059 1329 1137 1375 ubi
1156 1327 1293 1390 periit
1310 1358 1325 1383 ,
1343 1330 1645 1385 annotauerin

197 1392 296 1442 satis
315 1390 391 1438 fibi
409 1388 561 1438 dixisse
577 1387 707 1446 uisus,
719 1388 750 1436 fi
766 1389 1010 1453 generatim
1033 1387 1212 1438 eumad
1233 1403 1433 1438 mortem
1452 1389 1640 1442 dubium

198 1455 229 1503 fi
243 1451 247 1456 ’
261 1453 474 1501 nificaret.
535 1453 602 1500 At
625 1466 733 1498 vero
761 1464 1017 1513 quanquam
1043 1451 1220 1513 Nepoti
1249 1449 1476 1513 supplicii,
1507 1452 1639 1515 quod

196 1470 423 1564 Pfiocioni
439 1512 717 1561 subeundum
732 1510 834 1567 fuit,
848 1512 1070 1559 rationem
1089 1512 1139 1558 in
1157 1513 1354 1575 acceptis
1372 1511 1539 1561 referre
1550 1514 1637 1561 mi·

195 1574 283 1640 nus
299 1574 541 1638 postumus,
560 1574 653 1621 aliis
673 1586 827 1621 tamen
848 1571 1137 1635 scriptoribus
1155 1573 1287 1621 huius
1304 1574 1371 1621 rei
1390 1575 1641 1622 accuratio·

196 1652 295 1695 rem
312 1635 627 1696 cognitionem
637 1634 733 1680 iure
746 1634 1001 1695 meritoque
1018 1633 1247 1681 debemus.
1308 1635 1432 1683 Nam
1442 1635 1639 1683 Phocio-

195 1712 306 1747 nem
322 1710 412 1743 una
428 1710 533 1743 cum
551 1692 681 1741 sociis
706 1693 791 1741 suis
809 1694 981 1752 cicutae
999 1693 1153 1742 haustu
1171 1694 1222 1742 in
1245 1709 1423 1742 carcere
1438 1695 1637 1753 suorum,

197 1771 394 1823 quorum
411 1754 633 1804 accusatus
649 1755 727 1813 est,
738 1754 978 1802 criminum
997 1769 1168 1818 poenas
1186 1754 1354 1815 dediss'e
1370 1755 1560 1815 ciuibus,
1576 1773 1637 1806 ex

197 1835 344 1870 mon
358 1834 470 1866 ono
497 1820 697 1866 srcho
727 1816 896 1865 tamest
911 1816 1124 1880 inaprico
1137 1817 1347 1880 positum,
1363 1818 1638 1881 quamquod

195 1882 403 1930 maxime.
464 1880 539 1925 Sic
557 1894 669 1957 ujro
688 1879 762 1923 ille
782 1878 873 1923 Lib.
895 1880 1046 1924 XWII.
1068 1891 1115 1938 p.
1154 1885 1233 1933 603.
1255 1881 1316 1924 D.
1333 1879 1392 1924 de
1401 1878 1501 1939 ipso
1519 1881 1639 1930 eius-,

197 1958 288 2006 que
305 1939 507 1998 sociissro*
524 1934 560 1989 δ’
577 1955 754 2000 εσκωτον
770 1931 961 2004 ποινῶἱμῳ
982 1941 1095 2009 φωνῇ’
1104 1938 1561 2003 καταχειροτονηθέντες
1577 1942 1637 1991 eie

196 2005 248 2053 τὸ
265 1999 517 2065 δεσμωτήριον
534 1997 676 2061 ἤγοντο
691 1999 758 2047 ἐπὶ
775 1999 970 2065 θανάτῳ,
998 2013 1045 2047 et
1067 2000 1218 2063 paucis
1238 2000 1434 2048 uersibus
1451 2001 1635 2049 interie-

198 2062 294 2123 Eiis,
311 2064 393 2112 Διαὶ
408 2057 449 2110 δὲ
466 2066 541 2118 τῆς
559 2067 616 2112 r?
630 2062 762 2111 κωνεὶε
786 2061 940 2111 πόσεως
955 2061 1073 2110 κατὰ
1098 2061 1149 2111 rc)
1164 2062 1334 2127 mirem
1349 2062 1444 2112 ἔθος
1457 2064 1527 2110 ‘riv
1543 2063 1632 2119 βίον

196 2124 594 2176 κώταλύσοιντεωιιί
605 2123 889 2186 suffragantur
905 2138 931 2170 ι·
942 2138 969 2170 1.
978 2140 1007 2170 v
1017 2139 1086 2171 TA
1095 2140 1123 2171 ι
1135 2139 1163 2185 ς.
1173 2139 1207 2171 n
1216 2140 1275 2172 vs
1293 2137 1340 2170 et
1354 2140 1385 2171 A
1394 2139 1419 2172 ε
1429 2137 1454 2170 1.
1464 2139 1482 2171 1
1493 2140 1520 2170 A
1530 2140 1562 2172 N
1574 2140 1632 2173 vs

197 2188 311 2235 locis
335 2203 445 2245 mox
494 2184 757 2234 referendis.
819 2184 1025 2241 Crimen,
1048 2185 1175 2247 quod
1190 2197 1384 2231 mortem
1405 2186 1634 2237 Phocioni

195 2246 376 2308 eiusque
458 2249 565 2296 eclis
601 2245 860 2295 accelerauit
887 2245 1153 2301 uiolentam,
1184 2259 1210 2293 P
1221 2261 1247 2294 1.
1259 2260 1290 2293 v
1298 2261 1331 2293 τ
1340 2262 1370 2293 Α
1378 2263 1406 2293 n
1417 2262 1442 2293 c
1450 2263 1482 2293 H
1494 2261 1523 2293 v
1533 2251 1566 2306 s}
1584 2248 1633 2296 in

198 2309 292 2371 eius
309 2309 403 2357 uita
410 2320 456 2371 p.
478 2314 562 2367 756.
574 2309 634 2373 'in
645 2304 907 2372 proditione
927 2306 1170 2356 constitifl'ev
1189 2307 1386 2357 affirmat.
1447 2309 1538 2356 Sed
1558 2325 1634 2358 ca·

198 2373 283 2435 put
290 2370 434 2435 totius
439 2368 726 2422 accusationis
734 2370 784 2423 in
794 2385 852 2420 eo
860 2368 990 2422 litum
996 2385 1055 2420 ex
1070 2383 1225 2422 mente
1240 2387 1273 2423 1>
1282 2387 1301 2420 1
1310 2386 1340 2421 ο
1348 2387 1382 2420 D
1392 2372 1422 2421 o
1432 2387 1460 2421 n
1469 2388 1486 2422 1
1494 2370 1536 2421 d.
1530 2372 1597 2482 A„
1585 2376 1631 2420 Β.

886 2472 888 2476 .
1598 2446 1635 2490 t,
