2203 2933
488 178 538 224 ια
827 181 896 219 οε
924 179 1144 217 cxcvi-a
1171 167 1610 218 araturansxv'n

488 274 713 327 putamus,
733 259 911 319 cicutae
928 263 1173 327 potionem
1181 262 1492 333 inzpaiestnfis
1511 261 1751 311 damnatos·
1765 260 1945 325 p't‘xblice

487 324 784 375 conffitutam
801 323 927 372 finire
942 320 1070 384 apudr
1088 319 1399 369 Achemerfl'e·
1409 334 1636 384 poenam,
1658 322 1717 372 iis
1738 339 1797 372 ue
1824 326 1946 374 irem·

490 397 655 449 getam,
672 384 752 446 qui
768 395 928 430 contra
946 381 1188 444 imperium
1207 394 1256 429 et
1281 382 1528 431 commoda
1547 385 1728 448 reipub
1743 386 1835 433 icae
1853 394 1943 434 ma‘-

491 445 661 494 chinati
677 442 845 506 aliquid
868 443 1190 499 credebantur,
1211 441 1239 490 s
1287 442 1406 491 uitur
1414 474 1438 500 ,-
1458 452 1515 492 ut
1562 446 1689 493 aucis'
1705 447 1839 502 etiam
1858 447 1942 495 do-

489 520 682 562 ceamus,
699 519 783 553 cur
797 520 896 553 non
914 519 1145 557 uenenum
1163 519 1226 566 qu
1293 519 1492 565 cunque,
1541 505 1600 551 ed
1617 507 1816 555 cicutam·
1831 508 1939 555 huic‘

488 566 712 629 supplicio
729 566 946 628 elegerint
966 565 1185 612 Athenae.
1244 563 1389 630 Qod
1442 578 1551 628 uum
1570 563 1669 613 fieri
1694 582 1791 616 non
1808 567 1942 631 poffit

488 627 631 684 aliter,
642 626 720 674 niti
739 641 790 674 ut
809 627 868 673 de
886 625 984 689 ipfia
998 626 1161 682 cicuta,
1177 626 1328 678 herba,
1347 625 1390 672 ei
1437 640 1535 687 quer
1554 626 1733 674 uiribus
1748 633 1940 689 agamus,

491 702 591 736 non
610 688 667 734 ab
686 701 736 733 re
757 687 844 733 erit
860 702 910 733 ea
921 719 936 743 ,
986 685 1211 748 quae-hoc
1228 686 1277 734 in
1296 694 1470 747 genere*
1493 686 1612 749 apud
1632 700 1806 735 ueteres
1828 688 1942 736 mihi

491 747 722 809 obseruata
741 745 948 805 fuerunt,
977 747 1027 795 in
1047 747 1195 796 lucem
1213 746 1527 810 aspeciumque
1559 747 1774 819 proferre·
1865 751 1941 797 Ac

490 809 691 872 primum
699 808 884 871 quidem
894 808 1162 865 uidebimus,
1171 809 1334 871 quibus
1341 809 1389 856 in
1399 810 1658 872 regionibus
1665 811 1811 858 cicuta
1820 809 1941 857 nasci

489 871 689 918 maxime
708 870 929 927 tradatur,
950 883 997 919 et
1047 884 1129 919 uae
1145 869 1322 925 dicatur
1347 872 1640 918 maximarum
1657 871 1819 918 uirium
1839 869 1939 918 esse.

490 931 603 979 Eam
615 965 628 986 ,
659 946 772 994 quae
804 931 939 985 Sulis,
985 947 1038 978 ur
1071 946 1097 977 e
1115 931 1165 978 in
1191 932 1472 978 Parthorum*
1497 946 1642 995 regno
1659 931 1940 987 nobiliffima,

489 990 739 1048 crescebat,
764 991 946 1055 reliquis
965 991 1133 1040 ueneni
1164 991 1403 1040 acerbitate
1419 990 1689 1039 antececliffe
1705 991 1859 1039 auclor
1875 993 1941 1039 est

492 1069 517 1099 ι»
528 1069 621 1099 ιω
632 1070 646 1098 1
659 1068 718 1100 vs
735 1055 789 1100 H.
809 1054 868 1101 N.
884 1054 1021 1111 xxa
1035 1067 1070 1101 c.
1091 1067 1140 1109 ις.
1160 1054 1357 1101 Maxima
1372 1054 1443 1100 ais
1461 1065 1604 1109 natae,
1623 1053 1810 1108 cicutae,
1830 1051 1943 1112 Safis

494 1112 773 1171 Parthorum,
798 1130 899 1162 mox
916 1115 1146 1162 Laconicae
1160 1146 1175 1170 ,
1198 1115 1410 1168 Creticae,
1432 1113 1665 1172 Asiaticae,
1699 1116 1745 1160 in
1764 1112 1946 1160 Graecia

491 1189 597 1220 uero
617 1177 872 1234 Megaricae,
893 1175 1039 1221 deinde
1059 1175 1259 1223 Atticae.»
1337 1175 1451 1222 Non
1481 1172 1725 1222 defuerunt
1744 1172 1944 1236 quidem,

485 1234 573 1302 qui
592 1234 836 1282 lechonem
853 1236 947 1282 hoc
965 1236 1014 1282 in
1033 1235 1141 1295 loco
1156 1235 1384 1296 uulgarem
1401 1235 1633 1290 solicitare,
1641 1250 1831 1304 eamque
1842 1249 1944 1281 cor-

484 1307 636 1354 rigere
664 1291 839 1346 dicam,
878 1306 934 1337 an
955 1306 1214 1353 peruertere
1241 1309 1341 1340 non
1360 1294 1636 1341 dubitarunt.
1724 1296 1800 1353 Sic
1818 1294 1944 1340 enim

491 1366 671 1415 praeter
693 1365 871 1398 ceteros
888 1352 1023 1398 uerba
1038 1351 1183 1406 Plinii,
1200 1366 1313 1411 quae
1331 1351 1476 1397 modo
1496 1352 1737 1408 attulimus,
1753 1352 1944 1417 legenda

492 1412 647 1463 censet
665 1426 721 1460 PE
732 1424 805 1460 'r'R
817 1428 845 1458 v
855 1427 875 1458 s
908 1427 933 1459 p
945 1426 970 1458 ε
979 1427 1035 1459 τι
1046 1427 1078 1458 τ·
1090 1426 1118 1458 ν
1128 1426 1150 1458 s
1181 1410 1411 1472 Mtfiellan.
1431 1410 1651 1470 Obseruat.
1672 1425 1720 1473 p.
1740 1422 1814 1469 48.
1825 1438 1835 1458 ·.
1844 1415 1946 1466 Ma-

493 1475 612 1521 xima
632 1476 702 1522 uis
721 1487 848 1520 natae
869 1473 980 1532 Sufis
1004 1472 1287 1523 Parthorum,
1302 1505 1304 1507 >
1318 1488 1419 1519 mox
1438 1472 1671 1532 Asiaticae,
1697 1477 1743 1520 in
1765 1475 1946 1521 Graecia

493 1550 597 1583 uero
616 1537 859 1589 Laconicae,
878 1533 1349 1595 Creticae,·Megaricae,
1357 1532 1504 1581 deinde
1521 1535 1704 1582 Atticae.
1772 1536 1834 1582 At
1843 1550 1942 1582 non

497 1610 592 1642 erat
610 1596 831 1657 profesto,
859 1595 985 1656 quod
1003 1596 1090 1643 Vir
1106 1595 1626 1658 dostiffimus'receptam
1638 1595 1877 1643 leciionem
1894 1596 1946 1643 in

497 1655 690 1704 dubium
713 1669 914 1711 uocaret,
934 1669 981 1701 et
999 1656 1127 1701 aliam
1146 1655 1280 1702 nobis
1299 1671 1321 1701 a
1347 1667 1501 1701 mente
1529 1656 1661 1716 ipsius
1687 1656 1820 1702 Plinii
1833 1654 1945 1703 alie*-

493 1719 599 1764 nam
622 1717 896 1778 propinaret.
959 1716 1082 1762 Nam
1114 1716 1206 1775 ipse
1244 1731 1391 1762 ΡωΝι
1403 1730 1461 1761 vs
1501 1716 1558 1760 H.
1579 1717 1631 1762 N.
1649 1717 1745 1769 IIII,
1760 1730 1801 1770 7.
1832 1716 1944 1763 dicit

486 1778 743 1825 -Laconiam
766 1790 812 1834 et
830 1776 1018 1823 Cretam
1038 1775 1093 1822 ad
1117 1776 1357 1823 Graeciam
1376 1775 1602 1837 speciatim
1624 1774 1945 1823 confidet-atam

497 1852 600 1884 non
618 1839 855 1899 pertinere.
882 1837 975 1882 uid.
1004 1836 1032 1882 fi
1052 1836 1199 1897 placet
1213 1869 1226 1886 ‚
1258 1853 1276 1882 1
1287 1852 1353 1881 oa
1365 1853 1396 1882 N
1409 1853 1439 1881 N
1452 1851 1505 1882 rs
1540 1852 1573 1882 Η
1584 1851 1649 1882 AR
1660 1851 1692 1882 n
1705 1851 1829 1882 vrnv
1845 1852 1866 1883 s
1885 1836 1947 1883 ad

488 1897 691 1944 >Plinium
699 1909 745 1958 p.
758 1907 841 1952 383.
900 1896 1083 1943 Deinde
1102 1896 1159 1942 de
1182 1897 1326 1943 cicuta
1347 1896 1458 1943 Sufis
1477 1894 1619 1943 enasci
1646 1896 1771 1944 solita
1793 1897 1943 1944 Plinio

490 1957 805 2019 patrocinatur
822 1972 895 2003 τη
905 1972 928 2002 ε
939 1972 970 2002 o
980 1972 1048 2003 PH
1058 1973 1083 2003 R
1093 1972 1123 2002 A
1137 1971 1158 2002 s
1169 1973 1201 2004 τ
1211 1972 1240 2003 v
1248 1972 1269 2003 s
1277 1956 1431 2014 Histor.
1444 1957 1640 2004 Plantar.
1651 1957 1741 2003 Lib.
1751 1959 1825 2003 IX.
1836 1972 1873 2004 c.
1884 1972 1943 2013 17.

496 2016 560 2063 de
604 2018 785 2078 reliquis
833 2017 1094 2078 regionibus
1141 2017 1291 2063 cicuta
1308 2041 1316 2046 ,
1336 2016 1556 2064 fertilibus
1594 2017 1718 2063 idem
1760 2018 1942 2064 testatur

497 2092 534 2125 n
545 2094 563 2124 1
573 2093 606 2123 o
615 2092 636 2123 s
649 2092 675 2124 c
686 2093 718 2123 o
729 2093 756 2123 ιι
766 2093 780 2121 1
791 2093 825 2122 D
834 2094 859 2124 ε
869 2093 889 2124 s
908 2077 991 2124 Lib.
1002 2080 1097 2124 1111.
1114 2092 1149 2125 c.
1156 2089 1233 2134 79.‘
1255 2077 1464 2125 Cicutam
1475 2090 1623 2125 autem
1633 2077 1753 2125 inter
1767 2091 1944 2125 uenena

496 2137 781 2186 referendam
803 2137 900 2191 effe,
918 2153 1014 2186 non
1037 2138 1176 2187 solum
1196 2139 1398 2202 exempla
1429 2153 1555 2187 antea
1581 2139 1799 2201 producia
1828 2154 1940 2186 con-

497 2200 680 2248 firmant
706 2199 836 2246 huius
862 2200 1057 2259 potione
1084 2214 1307 2261 peremta,
1324 2211 1482 2247 uerum
1519 2200 1721 2247 austeres
1740 2199 1940 2246 etiamid

498 2259 740 2308 clarissimis
768 2259 916 2307 uerbis
943 2260 1169 2308 testantur.
1229 2263 1301 2309 Ac
1326 2277 1385 2310 ne
1413 2261 1462 2308 in
1490 2258 1723 2308 afferendis
1741 2260 1942 2308 testimo-

501 2323 601 2375 niis,
615 2337 728 2383 quae
742 2320 813 2368 uel
825 2336 881 2366 ex
899 2322 982 2367 hac
1000 2323 1389 2368 commentatione
1409 2321 1526 2367 facili
1535 2321 1724 2382 negotio
1742 2319 1943 2368 confe‘rri

499 2380 704 2446 poffunt,
714 2381 845 2431 nimii
853 2379 1009 2439 fimus,
1017 2380 1114 2431 satis
1132 2382 1404 2432 habebimus
1414 2380 1727 2440 unum·audire
1741 2391 1941 2452 mmm,

1860 2457 1940 2506 qui
